
@ARTICLE{Davies1998,
   author       = "E. B. Davies and L. Parns", 
   title        = "Trapped modes in acoustic waveguides", 
   journal      = "Q. J. Mech. Appl. Math.", 
   volume       = "51", 
   pages        = "477--492", 
   year         = "1988", 
}

@Incollection{Magnetism,
   author    = "W. Opechowski and R. Guccione",
   title     = "Introduction to the Theory of Normal Metals",
   volume    = "IIa",
   pages     = "105", 
   booktitle = "Magnetism",
   publisher = "Academic Press",
   address   = "New York",
   year      = "1965",
}
   




