
@ARTICLE{Davies1998,
   author       = "E. B. Davies and L. Parns", 
   title        = "Trapped modes in acoustic waveguides", 
   journal      = "Q. J. Mech. Appl. Math.", 
   volume       = "51", 
   pages        = "477--492", 
   year         = "1988", 
}

  
@INCOLLECTION{Magnetisma,
   author       = "W. Opechowski and R. Guccione",
   year         = "1965",
   title        = "Introduction to the Theory of Normal Metals",
   booktitle    = "Magnetism",
   editor       = "G. T. Rado and H. Suhl",
   publisher    = "Academic Press",
   address      = "New York",
   volume       = "IIa",
   pages        = "105",
}



