%%%%%%%%%%%%%%%%%%%%%%%%%%mybib by C. Has%%%%%%%%%%%%%%%%%%%%%%%%%%%%%%%%%%%%%%%
@book{granner2006harper,
	title={Harper's Illustrated biochemistry ({H}arper's biochemistry)},
	author={ R.  K. Murray and D.  A. Bender and K.  M. Botham and P.  J.  Kennelly and  V.  W. Rodwell  and P. A. Weil },
	year={2006},
	publisher={McGraw-Hill Medical},
	edition= {29th},
	keywords = {supplemental},
}

@book{bailey1996industrial,
	title={Bailey's industrial oil and fat products},
	author={Bailey,  A. E.  and Hui, Y. H.},
	editor = {F.  Shahidi},
	year={1996},
	volume = {1},
	publisher={New York:  Wiley},
	keywords = {supplemental},
}

@book{bettelheim2012introduction,
	title={Introduction to general, organic and biochemistry},
	author={Bettelheim, F.  and Brown, W.  and Campbell,  M. and Farrell, S.  and Torres, O.},
	year={2012},
	publisher={Cengage Learning},
	keywords = {supplemental},
}

@misc{wood2004biochemistry,
	title={Biochemistry: {T}he chemical reactions of living cells},
	author={Wood, E. J.},
	year={2004},
	publisher={Wiley Online Library},
		keywords = {supplemental},
}

@book{Hirabayashi06,
	title={Sphingolipid biology},
	author={Hirabayashi,  Y. and Igarashi,  Y.   and Merrill,  A.  H.},
	year={2006},
	publisher={Tokyo: Springer},
	keywords = {supplemental},
}
 
 @book{Belitz04,
 	title={Food chemistry},
 	author={ Belitz, H. D. and  W. Grosch, and P.  Schieberle},
 	year={2004},
 	publisher={Berlin: Springer},
 	keywords = {supplemental},
 }
 
 @book{lodish2000molecular,
 	title={Molecular cell biology},
 	author={Lodish, H.  F. and Berk, A. and Zipursky, S.  L.  and Matsudaira, P. and Baltimore, D.  and Darnell, J. },
 	volume={4},
 	year={2000},
 	publisher={Citeseer},
  keywords = {supplemental},
 }
 
@article{marsh1990crc,
	title={CRC handbook of lipid bilayers},
	author={Marsh, D.},
	year={1990},
	publisher={CRC press},
	keywords = {supplemental},
}
 
  @book{lovern1955chemistry,
  	title={The chemistry of lipids of biochemical significance},
  	author={Lovern, J.  A.},
  	edition={2nd},
  	year={2000},
  	publisher={Wiley, London},
  	keywords = {supplemental},
  }
 
 @book{akoh2008food,
 	title={Food lipids:  {C}hemistry, nutrition, and biotechnology},
 	author={Akoh, C. C. and Min, D. B.},
 	year={2008},
 	publisher={CRC Press},
 	keywords = {supplemental},
 }
%=======================Literature===============================
@book{garti2000thermal,
	title={Thermal behavior of dispersed systems},
	author={Garti, N.},
	year={2000},
	publisher={CRC Press},
}

@book{christie1973lipid,
	title={Lipid analysis},
	author={Christie, W. W.},
	volume={87},
	year={1973},
	publisher={Pergamon Press Oxford}
}

@book{kates1986techniques,
	title={Techniques of lipidology},
	author={Kates, M.},
	year={1986},
	edition= {2nd}
}


@book{Gunstone92,
	title={Lipid glossary},
	author={Gunstone, F. D. and Henslof, B. G.},
	year={1992},
	publisher= {The Oily Press}
}


@book{gurr2002lipid,
	title={Lipid biochemistry and introduction},
	author={Gurr, M. l. and James, A. T.},
	year={1971},
	publisher={Carnell University Press, Ithaca, N. Y.}
}


@book{nelson2008lehninger,
  title={Lehninger principles of biochemistry},
  author={Nelson, D.  L.  and Lehninger, A. L.  and Cox, M.  M.},
  year={2008},
  publisher={New York: Worth Publishers}
}


@book{voet2011biochemistry,
	title={Biochemistry},
	author={Voet, D. and Voet, J. G.},
	publisher={New York: John Wiley \& Sons},
	edition = {4th},
	year={2011},
}

@misc{johnston1971basic,
	title={Basic lipid methodology},
	author={Johnston, P.  V.},
	year={1971},
	howpublished ={Special publication No. 19, College of
	Agriculture, University of Illinois.}
	}

@book{lasic93,
	author = {Lasic, D. D. },
	title = {Liposomes : From Physics to Applications},
	publisher = {Amsterdam: {E}lsevier},
	year = {1993},
	edition = {1st},
}

@book{fugh20035,
	title={The 5-minute herb and dietary supplement consult},
	author={Fugh-Berman,  A.},
	year={2003},
	publisher={Lippincott  Williams \&  Wilkins}
}

@article{Vance2013543,
	title = "Formation and function of phosphatidylserine and phosphatidylethanolamine in mammalian cells ",
	journal = "Biochimica et Biophysica Acta {(BBA)} - Molecular and Cell Biology of Lipids ",
	volume = "1831",
	number = "3",
	pages = "543 -- 554",
	year = "2013",
	doi = "10.1016/j.bbalip.2012.08.016",
	author = "J. E. Vance and G.  Tasseva"
}