% Paper-1: Introduction & statistics
@article{fraser2000microbial,
  title={Microbial genome sequencing},
  author={Fraser, Claire M and Eisen, Jonathan A and Salzberg, Steven L},
  journal={Nature},
  volume={406},
  number={6797},
  pages={799--803},
  year={2000},
  publisher={Nature Publishing Group}
} 
% Paper-2: Introduction & statistics
@article{land2015insights,
  title={Insights from 20 years of bacterial genome sequencing},
  author={Land, Miriam and Hauser, Loren and Jun, Se-Ran and Nookaew, Intawat and Leuze, Michael R and Ahn, Tae-Hyuk and Karpinets, Tatiana and Lund, Ole and Kora, Guruprased and Wassenaar, Trudy and others},
  journal={Functional \& integrative genomics},
  volume={15},
  number={2},
  pages={141--161},
  year={2015},
  publisher={Springer}
}


% Paper-3: Comparative GenomeAnalysis
@article{edwards2013beginner,
	title={Beginner’s guide to comparative bacterial genome analysis using next-generation sequence data},
	author={Edwards, David J and Holt, Kathryn E},
	journal={Microbial informatics and experimentation},
	volume={3},
	number={1},
	pages={2},
	year={2013},
	publisher={Springer}
}

@article{lowe2015genomic,
	title={Genomic approaches for understanding the genetics of complex disease},
	author={Lowe, William L and Reddy, Timothy E},
	journal={Genome research},
	volume={25},
	number={10},
	pages={1432--1441},
	year={2015},
	publisher={Cold Spring Harbor Lab}
}


% Paper-3: Comparative GenomeAnalysis
@book{seq2018,
	title={Sequence Analysis},
	author={Andrey D Prjibelski, Anton I Korobeynikov, and Alla L Lapidus},
	year={2018},
	publisher={Elsevier}
	
}


% Book-1:Encyclopedia of Bioinformatics and Computational Biology: ABC of Bioinformatics
@book{ranganathan2018encyclopedia,
  title={Encyclopedia of Bioinformatics and Computational Biology: ABC of Bioinformatics},
  author={Ranganathan, Shoba and Nakai, Kenta and Schonbach, Christian},
  year={2018},
  publisher={Elsevier}
}
% Book-2: Bioinformatics for dummies
@book{claverie2006bioinformatics,
  title={Bioinformatics for dummies},
  author={Claverie, Jean-Michel and Notredame, Cedric},
  year={2006},
  publisher={John Wiley \& Sons}
}

@book{jones2004introduction,
  title={An introduction to bioinformatics algorithms},
  author={Jones, Neil C and Pevzner, Pavel A and Pevzner, Pavel},
  year={2004},
  publisher={MIT press}
}

@misc{gutierrez2019genome,
  title={Genome sequence databases: Types of data and bioinformatic tools},
  author={Guti{\'e}rrez-Preciado, Ana and Deschamps, Philippe and Delmont, Tom and Chica, Claudia and Chrismas, Nathan AM and de la Vega, Ricardo Rodriguez},
  year={2019}
}

@book{ray2003,
  title={Infectious Diseases},
  author = {Pierre-Edouard Fournier, Didier Raoult},
  year={2017
  },
  edition = {4th}
  publisher={McGraw-Hill Medical}
} 

@book{book:{240819},
	title =     {Computational Genome Analysis: An Introduction},
	author =    {Richard C. Deonier, Simon Tavaré, Michael S. Waterman},
	publisher = {Springer},
	isbn =      {0387987851,9780387987859},
	year =      {2005},
	series =    {Statistics for Biology and Health},
	edition =   {},
	volume =    {},

@book{compgenome,
	title={Introduction to Computational Genomics},
	author = {Nello Cristianini and Matthew W. Hahn},
	year={2006},
	edition = {1st}
	publisher={cambridge university press}
} 

